<record xmlns="http://www.loc.gov/MARC21/slim" xmlns:xsi="http://www.w3.org/2001/XMLSchema-instance" xsi:schemaLocation="http://www.loc.gov/MARC21/slim http://www.loc.gov/standards/marcxml/schema/MARC21slim.xsd"><leader>     nam a22        4500</leader><controlfield tag="001">3063134</controlfield><controlfield tag="003">NNC</controlfield><controlfield tag="006">m        d        </controlfield><controlfield tag="007">cr cn |||m|||a</controlfield><controlfield tag="008">150316s1955    ua      o     000 0 arard</controlfield><datafield ind1=" " ind2=" " tag="040"><subfield code="a">NNU</subfield><subfield code="b">eng</subfield><subfield code="e">rda</subfield><subfield code="c">NNU</subfield></datafield><datafield ind1=" " ind2=" " tag="090"><subfield code="a">BP144</subfield><subfield code="b">.M88</subfield></datafield><datafield ind1="1" ind2=" " tag="100"><subfield code="6">880-01</subfield><subfield code="a">Mu&#772;sa&#769;, Muh&#803;ammad Yu&#772;suf,</subfield><subfield code="d">-1963.</subfield></datafield><datafield ind1="1" ind2="0" tag="245"><subfield code="6">880-02</subfield><subfield code="a">Muh&#803;a&#772;d&#803;ara&#772;t fi&#772; ta&#772;ri&#772;kh al-fiqh al-Isla&#772;mi&#772;.</subfield></datafield><datafield ind1=" " ind2=" " tag="260"><subfield code="a">[Cairo]</subfield><subfield code="c">1955.</subfield></datafield><datafield ind1=" " ind2=" " tag="300"><subfield code="a">online resource (volumes in.)</subfield></datafield><datafield ind1=" " ind2=" " tag="336"><subfield code="a">text</subfield><subfield code="2">rdacontent</subfield></datafield><datafield ind1=" " ind2=" " tag="337"><subfield code="a">computer</subfield><subfield code="2">rdamedia</subfield></datafield><datafield ind1=" " ind2=" " tag="338"><subfield code="a">online resource</subfield><subfield code="2">rdacarrier</subfield></datafield><datafield ind1=" " ind2=" " tag="500"><subfield code="a">In Arabic.</subfield></datafield><datafield ind1=" " ind2=" " tag="500"><subfield code="a">At head of title: Ja&#772;mi&#699;at al-duwal al-&#699;Arabi&#772;yah. Ma&#699;had al-dira&#772;sa&#772;t.</subfield></datafield><datafield ind1=" " ind2=" " tag="500"><subfield code="a">Part of the Arabic Collections Online (ACO) project, contributed by Columbia University Libraries.</subfield></datafield><datafield ind1=" " ind2=" " tag="533"><subfield code="a">Electronic reproduction.</subfield><subfield code="b">New York, N.Y. :</subfield><subfield code="c">New York University,</subfield><subfield code="d">2015.</subfield><subfield code="5">NNU</subfield></datafield><datafield ind1=" " ind2="0" tag="650"><subfield code="a">Islamic law.</subfield></datafield><datafield ind1=" " ind2="7" tag="650"><subfield code="a">Islamic law.</subfield><subfield code="2">fast</subfield><subfield code="0">(OCoLC)fst00979949</subfield></datafield><datafield ind1="2" ind2=" " tag="710"><subfield code="a">Columbia University.</subfield><subfield code="b">Libraries.</subfield></datafield><datafield ind1="0" ind2=" " tag="730"><subfield code="a">Arabic Collections Online.</subfield></datafield><datafield ind1="0" ind2="8" tag="776"><subfield code="i">Print version:</subfield><subfield code="a">Mu&#772;sa&#769;, Muh&#803;ammad Yu&#772;suf, -1963.</subfield><subfield code="t">Muh&#803;a&#772;d&#803;ara&#772;t fi&#772; ta&#772;ri&#772;kh al-fiqh al-Isla&#772;mi&#772;</subfield><subfield code="w">(NNC)3063134</subfield><subfield code="w">(OCoLC)17945112</subfield></datafield><datafield ind1="4" ind2="0" tag="856"><subfield code="u">http://hdl.handle.net/2333.1/z8w9gm9r</subfield></datafield><datafield ind1="1" ind2=" " tag="880"><subfield code="6">100-01/r</subfield><subfield code="a">&#1605;&#1608;&#1587;&#1609;&#1548; &#1605;&#1581;&#1605;&#1583; &#1610;&#1608;&#1587;&#1601;&#1548;</subfield><subfield code="d">1963.</subfield></datafield><datafield ind1="1" ind2="0" tag="880"><subfield code="6">245-02/r</subfield><subfield code="a">&#1605;&#1581;&#1575;&#1590;&#1585;&#1575;&#1578; &#1601;&#1610; &#1578;&#1575;&#1585;&#1610;&#1582; &#1575;&#1604;&#1601;&#1602;&#1607; &#1575;&#1604;&#1575;&#1587;&#1604;&#1575;&#1605;&#1610;.</subfield></datafield><datafield ind1=" " ind2=" " tag="959"><subfield code="a">NNU</subfield><subfield code="b">WEB</subfield><subfield code="c">GENI</subfield><subfield code="t">0</subfield><subfield code="m">Electronic access</subfield><subfield code="s">01</subfield></datafield><datafield ind1=" " ind2=" " tag="999"><subfield code="i">NNC_3063134</subfield><subfield code="o">(OCoLC)ocm17945112</subfield><subfield code="e">(ERROR-880)</subfield><subfield code="s">columbia_aco000382</subfield></datafield></record>